Automatically generated by Mendeley 1.8.4
Any changes to this file will be lost if it is regenerated by Mendeley.

@article{Roberts2009,
author = {Roberts, GO and Rosenthal, JS},
file = {:D$\backslash$:/Data/Mendeley Database/adaptex.pdf:pdf},
journal = {Journal of Computational and \ldots},
pages = {1--28},
title = {{Examples of adaptive MCMC}},
url = {http://www.tandfonline.com/doi/abs/10.1198/jcgs.2009.06134},
year = {2009}
}
@article{Andrieu2008,
author = {Andrieu, Christophe and Thoms, Johannes},
doi = {10.1007/s11222-008-9110-y},
file = {:D$\backslash$:/Data/Mendeley Database/Andrieu08\_AdaptiveMCMC.pdf:pdf},
issn = {0960-3174},
journal = {Statistics and Computing},
keywords = {adaptive mcmc,also denoted $\pi$,assumed for simplicity to,controlled,from which,have a density with,markov chain,mcmc,measure,r n x,re-,spect to the lebesgue,stochastic approximation,x},
month = dec,
number = {4},
pages = {343--373},
title = {{A tutorial on adaptive MCMC}},
url = {http://link.springer.com/10.1007/s11222-008-9110-y},
volume = {18},
year = {2008}
}
@article{Roberts2001,
author = {{[1] G. O. Roberts and J. S. Rosenthal, “Optimal scaling for various Metropolis-Hastings algorithms,” Statistical Science, vol. 16, no. 4, pp. 351–367, Nov. 2001.Roberts}, Gareth O. and Rosenthal, Jeffrey S.},
doi = {10.1214/ss/1015346320},
file = {:D$\backslash$:/Data/Mendeley Database/euclid.ss.1015346320.pdf:pdf},
issn = {0883-4237},
journal = {Statistical Science},
keywords = {adaptive triangulations,aic,and phrases,density estima-,extended linear models,finite elements,free knot splines,gcv,linear splines,multivariate splines,regression,tion},
month = nov,
number = {4},
pages = {351--367},
title = {{Optimal scaling for various Metropolis-Hastings algorithms}},
url = {http://projecteuclid.org/euclid.ss/1015346320},
volume = {16},
year = {2001}
}
@article{Rosenthal2010,
author = {Rosenthal, JS},
file = {:D$\backslash$:/Data/Mendeley Database/galinart.pdf:pdf},
journal = {Handbook of Markov Chain Monte Carlo},
number = {x},
pages = {1--25},
title = {{Optimal proposal distributions and adaptive MCMC}},
url = {http://books.google.com/books?hl=en\&lr=\&id=qfRsAIKZ4rIC\&oi=fnd\&pg=PA93\&dq=Optimal+Proposal+Distributions+and+Adaptive+MCMC\&ots=Rbs8aSZj1Z\&sig=MgY3\_K76h04Squ0TfR83dylBuj8},
year = {2011}
}
